<?xml version="1.0" encoding="UTF-8"?><collection xmlns="http://www.loc.gov/MARC21/slim"><record><leader>00582nam--2200169-i-4500</leader><controlfield tag="001">000001870</controlfield><controlfield tag="002">20161230</controlfield><controlfield tag="005">20161230201024</controlfield><controlfield tag="008">060222s1000------------r-----000-0-fre-d</controlfield><datafield ind1=" " ind2=" " tag="040"><subfield code="a">IFIN-HH</subfield></datafield><datafield ind1=" " ind2=" " tag="041"><subfield code="a">fre</subfield></datafield><datafield ind1="1" ind2=" " tag="100"><subfield code="a">Golden, Kenneth, I</subfield></datafield><datafield ind1="1" ind2="0" tag="245"><subfield code="a">Sur la structure et la stabilite des ondes de chocs dans les milieux electromagnetiques. les coefficients de transport dans la theorie cinetique des gaz. theses</subfield><subfield code="c">Kenneth, i. golden</subfield></datafield><datafield ind1=" " ind2=" " tag="260"><subfield code="a">Paris, La Faculte Des Sciences De L Universite, 1965</subfield></datafield><datafield ind1=" " ind2=" " tag="300"><subfield code="a">51 P</subfield></datafield><datafield ind1=" " ind2=" " tag="852"><subfield code="a">22779</subfield><subfield code="c">533.9</subfield></datafield><datafield ind1=" " ind2=" " tag="CAT"><subfield code="a">Sys</subfield><subfield code="c">20100922</subfield><subfield code="h">114537</subfield></datafield></record></collection>